<record><leader>00000cas a2200000 a 4500</leader><controlfield tag="001">11492933</controlfield><controlfield tag="008">841214d18941898ksuwr ne      0   a0eng d</controlfield><datafield ind1=" " ind2=" " tag="010"><subfield code="a">sn 84030097 </subfield></datafield><datafield ind1=" " ind2=" " tag="040"><subfield code="a">KSH</subfield><subfield code="b">eng</subfield><subfield code="c">KSH</subfield><subfield code="d">NPT</subfield><subfield code="d">OCL</subfield><subfield code="d">OCLCQ</subfield></datafield><datafield ind1=" " ind2=" " tag="042"><subfield code="a">msc</subfield></datafield><datafield ind1="0" ind2="4" tag="245"><subfield code="a">The Coolidge enterprise.</subfield></datafield><datafield ind1=" " ind2=" " tag="260"><subfield code="a">Coolidge, Kan. :</subfield><subfield code="b">R.H. Dunnington, C.A. Crittenden,</subfield><subfield code="c">1894-1898.</subfield></datafield><datafield ind1=" " ind2=" " tag="300"><subfield code="a">4 v. :</subfield><subfield code="b">ill. ;</subfield><subfield code="c">59 cm.</subfield></datafield><datafield ind1=" " ind2=" " tag="310"><subfield code="a">Weekly</subfield></datafield><datafield ind1="0" ind2=" " tag="362"><subfield code="a">Vol. 1, no. 1 (June 1, 1894)-v. 4, no. 52 (May 20, 1898).</subfield></datafield><datafield ind1=" " ind2=" " tag="500"><subfield code="a">Published by: Lester &amp; Dunnington, July 26, 1895-May 28, 1897; The Enterprise Co., June 4, 1897-May 29, 1898.</subfield></datafield><datafield ind1=" " ind2=" " tag="500"><subfield code="a">"Independent."</subfield></datafield><datafield ind1=" " ind2=" " tag="525"><subfield code="a">Has occasional supplements.</subfield></datafield><datafield ind1=" " ind2=" " tag="752"><subfield code="a">United States</subfield><subfield code="b">Kansas</subfield><subfield code="c">Hamilton</subfield><subfield code="d">Coolidge.</subfield></datafield><datafield ind1="0" ind2="0" tag="785"><subfield code="t">Unmuzzled truth</subfield><subfield code="w">(DLC)sn 84030098</subfield></datafield></record>